@misc{DOD_ESSS,
    author = {Hoffer, R. M.},
    title = {{2020 Department of Defense Electromagnetic Spectrum Superiority Strategy}},
    howpublished = "US Department of Defense \url{https://www.defense.gov/News/Releases/Release/Article/2397850/electromagnetic-spectrum-superiority-strategy-released/}",
    note = "(Accessed: 30 August 2022)" }
